<?xml version="1.0" encoding="UTF-8"?><collection xmlns="http://www.loc.gov/MARC21/slim"><record><leader>00306nam--2200097-i-4500</leader><controlfield tag="001">000038548</controlfield><controlfield tag="002">20161230</controlfield><controlfield tag="005">20161230201041</controlfield><controlfield tag="008">060222s1000------------r-----000-0-eng-d</controlfield><datafield ind1=" " ind2=" " tag="245"><subfield code="a">Repertoriul general al legislatiei in vigoare. publicata pina la data de 1 ian.1957 pe materii - cronologic - alfabetic</subfield></datafield><datafield ind1=" " ind2=" " tag="852"><subfield code="a">9707</subfield></datafield></record></collection>